
@article{kaatzOrderParametersImage2008,
	title = {Order Parameters from Image Analysis: A Honeycomb Example},
	shorttitle = {Order Parameters from Image Analysis},
	author = {Kaatz, Forrest H. and Bultheel, Adhemar and Egami, Takeshi},
	date = {2008-07-17},
	journaltitle = {Naturwissenschaften},
	shortjournal = {Naturwissenschaften},
	volume = {95},
	pages = {1033},
	issn = {1432-1904},
	doi = {10.1007/s00114-008-0418-4},
	url = {https://doi.org/10.1007/s00114-008-0418-4},
	urldate = {2021-07-08},
	langid = {english},
	number = {11}
}

@article{dasilvaCompressiveResponseFailure2007,
	title = {Compressive Response and Failure of Balsa Wood},
	author = {Da Silva, Andre and Kyriakides, Stelios},
	date = {2007-12-15},
	journaltitle = {International Journal of Solids and Structures},
	shortjournal = {International Journal of Solids and Structures},
	volume = {44},
	pages = {8685--8717},
	issn = {0020-7683},
	doi = {10.1016/j.ijsolstr.2007.07.003},
	url = {http://www.sciencedirect.com/science/article/pii/S0020768307002727},
	urldate = {2020-06-03},
	file = {G\:\\My Drive\\Library\\Journals\\Da Silva_Kyriakides_2007_Compressive response and failure of balsa wood.pdf},
	keywords = {Balsa wood,Compression,Kinking failure},
	langid = {english},
	number = {25}
}



@article{freyDelignifiedDensifiedCellulose2018,
	title = {Delignified and {{Densified Cellulose Bulk Materials}} with {{Excellent Tensile Properties}} for {{Sustainable Engineering}}},
	author = {Frey, Marion and Widner, Daniel and Segmehl, Jana S. and Casdorff, Kirstin and Keplinger, Tobias and Burgert, Ingo},
	date = {2018-02-07},
	journaltitle = {ACS Applied Materials \& Interfaces},
	shortjournal = {ACS Appl. Mater. Interfaces},
	volume = {10},
	pages = {5030--5037},
	publisher = {{American Chemical Society}},
	issn = {1944-8244},
	doi = {10.1021/acsami.7b18646},
	url = {https://doi.org/10.1021/acsami.7b18646},
	urldate = {2020-11-30},
	file = {G\:\\My Drive\\Library\\Journals\\Frey et al_2018_Delignified and Densified Cellulose Bulk Materials with Excellent Tensile.pdf},
	number = {5}
}



@article{ivanezCompressiveDeformationEnergyabsorption2017,
	title = {Compressive Deformation and Energy-Absorption Capability of Aluminium Honeycomb Core},
	author = {Ivañez, Ines and Fernandez-Cañadas, Lorena M. and Sanchez-Saez, Sonia},
	date = {2017-08-15},
	journaltitle = {Composite Structures},
	shortjournal = {Composite Structures},
	volume = {174},
	pages = {123--133},
	issn = {0263-8223},
	doi = {10.1016/j.compstruct.2017.04.056},
	url = {https://www.sciencedirect.com/science/article/pii/S0263822317304725},
	urldate = {2021-07-08},
	keywords = {Crushing behaviour,Crushing parameters,Honeycomb core,Modelling,Sandwich structure},
	langid = {english}
}



@article{zhouMechanicalPerformanceEnergy2018,
	title = {Mechanical Performance and Energy Absorption Properties of Structures Combining Two {{Nomex}} Honeycombs},
	author = {Zhou, Hui and Xu, Ping and Xie, Suchao and Feng, Zhejun and Wang, Da},
	date = {2018-02-01},
	journaltitle = {Composite Structures},
	shortjournal = {Composite Structures},
	volume = {185},
	pages = {524--536},
	issn = {0263-8223},
	doi = {10.1016/j.compstruct.2017.11.059},
	url = {http://www.sciencedirect.com/science/article/pii/S0263822317319207},
	urldate = {2020-06-03},
	file = {G\:\\My Drive\\Library\\Journals\\Zhou et al_2018_Mechanical performance and energy absorption properties of structures combining.pdf},
	keywords = {Combinative structure,Compression experiment,Energy absorption property,Mechanical performance,Nomex honeycomb},
	langid = {english}
}


@article{pinaNumericalStudyElastic2019,
	title = {Numerical Study on the Elastic Buckling of Cross-Laminated Timber 
	Walls Subject to Compression},
	author = {Pina, Juan Carlos and Saavedra Flores, Erick I. and Saavedra, 
	Karin},
	date = {2019-02-28},
	journaltitle = {Construction and Building Materials},
	shortjournal = {Construction and Building Materials},
	volume = {199},
	pages = {82--91},
	issn = {0950-0618},
	doi = {10.1016/j.conbuildmat.2018.12.013},
	url = {http://www.sciencedirect.com/science/article/pii/S0950061818329933},
	keywords = {Buckling,CLT building walls,Finite elements,Multi-scale 
	analyses},
	langid = {english}
}
